@online{Acts-20-7,
  title   = {Acts 20:7; 1 Cor. 16:2 and the Sabbath},
  url     = {https://www.path2prayer.com/practical-christianity/the-sabbath-gods-sanctuary-in-time/acts-207-1-cor-162-and-the-sabbath},
  urldate = {2025-10-24}
}

@inbook{AntiquitiesOfTheJews-7-14-7,
  author    = {Flavius Josephus},
  title     = {Chapter 14. That David made great preparations for the house of GOD; And that, upon Adonijah's attempt to gain the kingdom, he appointed Solomon to reign.},
  booktitle = {Josephus: The Complete Works},
  pages     = {414--415},
  publisher = {Grand Rapids, MI: Christian Classics Ethereal Library},
  note      = {Book VII, chapter 14, section 7}
}

@book{AstonishedTheWorld,
  author    = {Ernest L. Martin},
  title     = {The Star That Astonished the World},
  publisher = {Academy for Scriptural},
  year      = {1996}
}

@onlive{AviaBarley,
  title   = {Aviv Barley in the Biblical Calendar},
  author  = {Nehemia Gordon},
  url     = {https://www.nehemiaswall.com/aviv-barley-in-the-biblical-calendar},
  date    = {2016-02-24},
  urldate = {2025-10-24}
}

@online{GoldenCalf,
  author  = {Jacob Isaacs},
  title   = {The Golden Calf},
  url     = {https://www.chabad.org/library/article_cdo/aid/246635/jewish/The-Golden-Calf.htm},
  urldate = {2025-10-27}
}

@online{HistoryOfCalendar,
  title   = {History of Calender},
  author  = {Joseph Jacobs and Cyrus Adler},
  url     = {https://www.jewishencyclopedia.com/articles/3920-calendar-history-of},
  urldate = {2025-10-24}
}

@online{JewishDay,
  title   = {The Jewish Day},
  url     = {https://www.chabad.org/library/article_cdo/aid/526873/jewish/The-Jewish-Day.htm},
  urldate = {2025-10-24}
}

@online{Karaism,
  title   = {Everything You Want to Know About Karaism},
  author  = {Mitchell First},
  url     = {https://jewishlink.news/everything-you-want-to-know-about-karaism/},
  date    = {2023-07-13},
  urldate = {2025-10-24}
}

@inbook{MishnahSukkah-5-7-8,
  booktitle = {Mishnah Sukkah},
  note      = {5:7\textendash 8}
}

@online{MotzaeiShabbat,
  title   = {安息日後 (\texthebrew{מוֹצָאִי שַׁבָּת})},
  url     = {https://en.wikipedia.org/wiki/Motza%27ei_Shabbat},
  urldate = {2025-10-24}
}

@online{SabbathInChristianity,
  title   = {Sabbath in Christianity},
  url     = {https://en.wikipedia.org/wiki/Sabbath_in_Christianity},
  urldate = {2025-10-24}
}

@inbook{SederOlamRabbah,
  booktitle = {Sedar Olam Rabbah},
  note      = {Chapter 6}
}

@inbook{StarOfBethlehem,
  author    = {Timothy L. Norris},
  title     = {Genesis 1:14, The course of Abijah, and the Birth of Christ},
  booktitle = {The Star of Bethlehem},
  year      = {2023}
}

@online{SynodOfLaodicea,
  title   = {Synod of Laodicea (4th Century)},
  url     = {https://www.newadvent.org/fathers/3806.htm},
  urldate = {2025-10-24}
}

@online{TenCommandmentsOnShavuot,
  title   = {Hear the Ten Commandments on Shavuot},
  url     = {https://www.chabad.org/library/article_cdo/aid/2157/jewish/Hear-the-Ten-Commandments-on-Shavuot.htm},
  urldate = {2025-10-27}
}

@online{TruthShavuot,
  title   = {The Truth About Shavuot},
  author  = {Nehemia Gordon},
  url     = {https://www.nehemiaswall.com/truth-shavuot},
  date    = {2022-06-03},
  urldate = {2025-10-24}
}

@inbook{YeshuaInSukkot,
  author    = {Michael Rood},
  title     = {< 130 > Yeshua proclaims the prophetic fulfillment of the “Latter Rain” outpouring of the Spirit},
  chapter   = {5},
  pages     = {232-233},
  publisher = {Aviv Moon Publishing},
  year      = {2013},
  booktitle = {The Chronological Gospels: The Life and Seventy Week Ministry of the Messiah}
}

@inbook{YeshuaInYomKippur,
  author    = {Michael Rood},
  title     = {< 119 > Yeshua ordained as the Cohen Gadol “The Transfiguration”},
  chapter   = {5},
  pages     = {216-218},
  publisher = {Aviv Moon Publishing},
  year      = {2013},
  booktitle = {The Chronological Gospels: The Life and Seventy Week Ministry of the Messiah}
}

@book{YeshuaInYomTeruah,
  author    = {Michael Rood},
  title     = {< 109 > Yeshua confronts sages and Pharisees},
  chapter   = {5},
  pages     = {204-206},
  publisher = {Aviv Moon Publishing},
  year      = {2013},
  booktitle = {The Chronological Gospels: The Life and Seventy Week Ministry of the Messiah}
}

@online{YomKippur,
  title   = {The Story of Yom Kippur: Forgiveness and Second Chances},
  author  = {David Booth},
  url     = {https://www.sefaria.org/sheets/505381},
  urldate = {2025-10-29}
}

@online{YomTovSheni,
  title   = {流散地的第二聖日 (\texthebrew{יוֹם טוֹב שֵׁנִי שֶׁל גָּלוּיוֹת})},
  url     = {https://en.wikipedia.org/wiki/Yom_tov_sheni_shel_galuyot},
  urldate = {2025-10-24}
}

@inbook{作見證的節期,
  author    = {鐘鹽光},
  title     = {一、「作見證」的節期},
  chapter   = {1},
  pages     = {2},
  publisher = {妥拉坊},
  year      = {2023},
  booktitle = {奧秘之鑰 耶和華的節期}
}

@inbook{安息年,
  author    = {鐘鹽光},
  title     = {八、安息年},
  chapter   = {1},
  pages     = {22},
  publisher = {妥拉坊},
  year      = {2023},
  booktitle = {奧秘之鑰 耶和華的節期}
}

@inbook{節期的功能,
  author    = {鐘鹽光},
  title     = {二、節期的功能},
  chapter   = {1},
  pages     = {7},
  publisher = {妥拉坊},
  year      = {2023},
  booktitle = {奧秘之鑰 耶和華的節期}
}
